<?xml version="1.0" encoding="utf-8"?>
<record xmlns="http://www.loc.gov/MARC21/slim" xmlns:xsi="http://www.w3.org/2001/XMLSchema-instance" xsi:schemaLocation="http://www.loc.gov/MARC21/slim http://www.loc.gov/standards/marcxml/schema/MARC21slim.xsd">
	<leader>     nam a22        4500</leader>
	<controlfield tag="001">1899218</controlfield>
	<controlfield tag="003">NjP</controlfield>
	<controlfield tag="006">m        d        </controlfield>
	<controlfield tag="007">cr cn |||m|||a</controlfield>
	<controlfield tag="008">161118s1973    ir      ob    000 0 ara  </controlfield>
	<datafield ind1=" " ind2=" " tag="040">
		<subfield code="a">NNU</subfield>
		<subfield code="b">eng</subfield>
		<subfield code="e">rda</subfield>
		<subfield code="c">NNU</subfield>
	</datafield>
	<datafield ind1="0" ind2=" " tag="041">
		<subfield code="a">per</subfield>
		<subfield code="a">ara</subfield>
	</datafield>
	<datafield ind1="0" ind2="4" tag="050">
		<subfield code="a">B753</subfield>
		<subfield code="b">.M8 1973</subfield>
	</datafield>
	<datafield ind1="1" ind2=" " tag="100">
		<subfield code="6">880-01</subfield>
		<subfield code="a">Ṣadr al-Dīn Shīrāzī, Muḥammad ibn Ibrāhīm,</subfield>
		<subfield code="d">-1641.</subfield>
	</datafield>
	<datafield ind1="1" ind2="0" tag="245">
		<subfield code="a">Sih risālah /</subfield>
		<subfield code="c">az Muḥammad ibn Ibrāhīm Ṣadr al-Dīn al-Shīrāzī ; bā taʻlīq va taṣḥīḥ̄ va muqaddimah-'i Jalāl al-Dīn Āshtiyānī.</subfield>
	</datafield>
	<datafield ind1="3" ind2=" " tag="246">
		<subfield code="a">Rasā'il-i falsafī</subfield>
	</datafield>
	<datafield ind1=" " ind2=" " tag="260">
		<subfield code="6">880-02</subfield>
		<subfield code="a">Mashhad :</subfield>
		<subfield code="b">Chāpʹkhānah-'i Dānishgāh-i Mashhad,</subfield>
		<subfield code="c">1973.</subfield>
	</datafield>
	<datafield ind1=" " ind2=" " tag="300">
		<subfield code="a">online resource (217, 198, [16] pages)</subfield>
	</datafield>
	<datafield ind1=" " ind2=" " tag="336">
		<subfield code="a">text</subfield>
		<subfield code="2">rdacontent</subfield>
	</datafield>
	<datafield ind1=" " ind2=" " tag="337">
		<subfield code="a">computer</subfield>
		<subfield code="2">rdamedia</subfield>
	</datafield>
	<datafield ind1=" " ind2=" " tag="338">
		<subfield code="a">online resource</subfield>
		<subfield code="2">rdacarrier</subfield>
	</datafield>
	<datafield ind1="1" ind2=" " tag="490">
		<subfield code="a">Intishārāt-i Dānishkadah-'i Ilāhiyāt va Maʻārif-i Islāmī-yi Mashhad ;</subfield>
		<subfield code="v">5</subfield>
	</datafield>
	<datafield ind1=" " ind2=" " tag="500">
		<subfield code="a">Added t.p.: Three treatises.</subfield>
	</datafield>
	<datafield ind1=" " ind2=" " tag="500">
		<subfield code="a">Cover title: Rasā'il-i falsafī.</subfield>
	</datafield>
	<datafield ind1=" " ind2=" " tag="500">
		<subfield code="a">Texts in Arabic; introd. and notes in Persian; a pref. in English.</subfield>
	</datafield>
	<datafield ind1=" " ind2=" " tag="500">
		<subfield code="a">Part of the Arabic Collections Online (ACO) project, contributed by Princeton University Libraries.</subfield>
	</datafield>
	<datafield ind1=" " ind2=" " tag="504">
		<subfield code="a">Includes bibliographical references.</subfield>
	</datafield>
	<datafield ind1="0" ind2=" " tag="505">
		<subfield code="a">al-Masā'il al-qudsīyah.--Mutashābihāt al-Qur'ān.--Ajwibat al-masā'il.</subfield>
	</datafield>
	<datafield ind1=" " ind2=" " tag="533">
		<subfield code="a">Electronic reproduction.</subfield>
		<subfield code="b">New York, N.Y. :</subfield>
		<subfield code="c">New York University,</subfield>
		<subfield code="d">2016.</subfield>
		<subfield code="5">NNU</subfield>
	</datafield>
	<datafield ind1=" " ind2="0" tag="650">
		<subfield code="a">Islamic philosophy</subfield>
		<subfield code="v">Early works to 1800.</subfield>
	</datafield>
	<datafield ind1="1" ind2="0" tag="600">
		<subfield code="6">880-03</subfield>
		<subfield code="a">Ṣadr al-Dīn Shīrāzī, Muḥammad ibn Ibrāhīm,</subfield>
		<subfield code="d">-1641.</subfield>
	</datafield>
	<datafield ind1="0" ind2="0" tag="630">
		<subfield code="a">Qurʼan</subfield>
		<subfield code="x">Criticism, interpretation, etc.</subfield>
	</datafield>
	<datafield ind1="1" ind2="7" tag="600">
		<subfield code="a">Ṣadr al-Dīn Shīrāzī, Muḥammad ibn Ibrāhīm,</subfield>
		<subfield code="d">-1641.</subfield>
		<subfield code="2">fast</subfield>
		<subfield code="0">(OCoLC)fst01845304</subfield>
	</datafield>
	<datafield ind1="0" ind2="7" tag="630">
		<subfield code="a">Qurʼan.</subfield>
		<subfield code="2">fast</subfield>
		<subfield code="0">(OCoLC)fst01842877</subfield>
	</datafield>
	<datafield ind1=" " ind2="7" tag="650">
		<subfield code="a">Islamic philosophy.</subfield>
		<subfield code="2">fast</subfield>
		<subfield code="0">(OCoLC)fst01730358</subfield>
	</datafield>
	<datafield ind1=" " ind2="7" tag="655">
		<subfield code="a">Criticism, interpretation, etc.</subfield>
		<subfield code="2">fast</subfield>
		<subfield code="0">(OCoLC)fst01411635</subfield>
	</datafield>
	<datafield ind1=" " ind2="7" tag="655">
		<subfield code="a">Early works.</subfield>
		<subfield code="2">fast</subfield>
		<subfield code="0">(OCoLC)fst01411636</subfield>
	</datafield>
	<datafield ind1="1" ind2=" " tag="700">
		<subfield code="6">880-04</subfield>
		<subfield code="a">Āshtiyānī, Jalāl al-Dīn.</subfield>
	</datafield>
	<datafield ind1="2" ind2=" " tag="710">
		<subfield code="a">Princeton University.</subfield>
		<subfield code="b">Library.</subfield>
	</datafield>
	<datafield ind1="0" ind2=" " tag="730">
		<subfield code="a">Arabic Collections Online.</subfield>
	</datafield>
	<datafield ind1="0" ind2="8" tag="776">
		<subfield code="i">Online version:</subfield>
		<subfield code="a">Ṣadr al-Dīn Shīrāzī, Muḥammad ibn Ibrāhīm, -1641.</subfield>
		<subfield code="t">Sih risālah.</subfield>
		<subfield code="d">Mashhad : Chāpʹkhānah-'i Dānishgāh-i Mashhad, 1973</subfield>
		<subfield code="w">(OCoLC)551393002</subfield>
	</datafield>
	<datafield ind1="0" ind2="8" tag="776">
		<subfield code="i">Online version:</subfield>
		<subfield code="a">Ṣadr al-Dīn Shīrāzī, Muḥammad ibn Ibrāhīm, -1641.</subfield>
		<subfield code="t">Sih risālah.</subfield>
		<subfield code="d">Mashhad : Chāpʹkhānah-'i Dānishgāh-i Mashhad, 1973</subfield>
		<subfield code="w">(OCoLC)607647282</subfield>
	</datafield>
	<datafield ind1="0" ind2="8" tag="776">
		<subfield code="i">Print version:</subfield>
		<subfield code="a">Ṣadr al-Dīn Shīrāzī, Muḥammad ibn Ibrāhīm, -1641.</subfield>
		<subfield code="t">Sih risālah</subfield>
		<subfield code="w">(NjP)1899218</subfield>
		<subfield code="w">(DLC)   79354161 </subfield>
		<subfield code="w">(OCoLC)6837692</subfield>
	</datafield>
	<datafield ind1="1" ind2=" " tag="810">
		<subfield code="a">Mashhad (Iran).</subfield>
		<subfield code="b">Dānishgāh.</subfield>
		<subfield code="b">Dānishkadah-'i Ilāhīyāt va Maʻārif-i Islāmī-i Mashhad.</subfield>
		<subfield code="t">Intishārāt-i Dānishkadah-'i Ilāhīyāt va Maʻārif-i Islāmī-i Mashhad ;</subfield>
		<subfield code="v">5.</subfield>
	</datafield>
	<datafield ind1="4" ind2="0" tag="856">
		<subfield code="u">http://hdl.handle.net/2333.1/msbcc6vx</subfield>
	</datafield>
	<datafield ind1="1" ind2=" " tag="880">
		<subfield code="6">100-01/r</subfield>
		<subfield code="a">صدر الدين الشيرازي، محمد ابن إبراهيم.</subfield>
	</datafield>
	<datafield ind1="1" ind2="2" tag="880">
		<subfield code="6">245-00/r</subfield>
		<subfield code="a">المسائل القدسية متشابهات القران اجوبة المسائل :</subfield>
		<subfield code="b">سه رساله /</subfield>
		<subfield code="c">از محمدبن ابراهيم صدر الدين الشيرازى ؛ با تعليق و تصحيح و مقدمه جلال الدين آشتيانى.</subfield>
	</datafield>
	<datafield ind1=" " ind2=" " tag="880">
		<subfield code="6">260-02/r</subfield>
		<subfield code="a">مشهد :</subfield>
		<subfield code="b">چاپخانه دانش?اه مشهد،</subfield>
		<subfield code="c">١٣٥٢.</subfield>
	</datafield>
	<datafield ind1="1" ind2=" " tag="880">
		<subfield code="6">490-00/r</subfield>
		<subfield code="a">انتشارات دانشكدۀ الهيات و معارف اسلامى مشهد ؛</subfield>
		<subfield code="v">شماره ٥</subfield>
	</datafield>
	<datafield ind1="1" ind2="4" tag="880">
		<subfield code="6">600-03/r</subfield>
		<subfield code="a">ملاّ صدرا، محمد ابراهيم.</subfield>
	</datafield>
	<datafield ind1="1" ind2=" " tag="880">
		<subfield code="6">700-04/r</subfield>
		<subfield code="a">آشتيانى، جلال الدين.</subfield>
	</datafield>
	<datafield ind1=" " ind2="0" tag="880">
		<subfield code="6">830-00/r</subfield>
		<subfield code="a">انتشارات دانشكدۀ الهيات و معارف اسلامى مشهد ؛ ;</subfield>
		<subfield code="v">شماره ٥.</subfield>
	</datafield>
	<datafield ind1=" " ind2=" " tag="959">
		<subfield code="a">NNU</subfield>
		<subfield code="b">WEB</subfield>
		<subfield code="c">GENI</subfield>
		<subfield code="t">0</subfield>
		<subfield code="m">Electronic access</subfield>
		<subfield code="s">01</subfield>
	</datafield>
	<datafield ind1=" " ind2=" " tag="999">
		<subfield code="i">NjP_1899218</subfield>
		<subfield code="o">(OCoLC)ocm06837692 </subfield>
		<subfield code="s">princeton_aco000634</subfield>
		<subfield code="e">(ERROR-880)</subfield>
	</datafield>
</record>
